<?xml version="1.0" encoding="UTF-8"?>
<bibRecords>
    <bibRecord>
        <bib>
            <owningInstitutionId>PUL</owningInstitutionId>
            <content>
                <collection xmlns="http://www.loc.gov/MARC21/slim">
                    <record>
                        <leader>01116cam a2200289 a 4500</leader>
                        <controlfield tag="001">2</controlfield>
                        <controlfield tag="005">20160317172950.0</controlfield>
                        <controlfield tag="008">880302s1987    inu           00010 eng</controlfield>
                        <datafield ind1=" " ind2=" " tag="010">
                            <subfield code="a">87050034</subfield>
                        </datafield>
                        <datafield ind1=" " ind2=" " tag="020">
                            <subfield code="a">0932269567</subfield>
                        </datafield>
                        <datafield ind1=" " ind2=" " tag="035">
                            <subfield code="a">(OCoLC)16277369</subfield>
                        </datafield>
                        <datafield ind1=" " ind2=" " tag="035">
                            <subfield code="a">(CStRLIN)NJPGHBA-B</subfield>
                        </datafield>
                        <datafield ind1=" " ind2=" " tag="035">
                            <subfield code="9">AAF4234TS</subfield>
                        </datafield>
                        <datafield ind1=" " ind2=" " tag="043">
                            <subfield code="a">e-ur---</subfield>
                        </datafield>
                        <datafield ind1="0" ind2=" " tag="050">
                            <subfield code="a">DS135.R92</subfield>
                            <subfield code="b">A98 1987</subfield>
                        </datafield>
                        <datafield ind1="0" ind2=" " tag="082">
                            <subfield code="a">947/.004924</subfield>
                            <subfield code="2">19</subfield>
                        </datafield>
                        <datafield ind1="1" ind2=" " tag="100">
                            <subfield code="a">Axelrad, Albert S.,</subfield>
                            <subfield code="d">1938-</subfield>
                            <subfield code="0">(uri)http://id.loc.gov/authorities/names/n84150276</subfield>
                        </datafield>
                        <datafield ind1="1" ind2="0" tag="245">
                            <subfield code="a">Refusenik :</subfield>
                            <subfield code="b">voices of struggle and hope /</subfield>
                            <subfield code="c">Albert S. Axelrad.</subfield>
                        </datafield>
                        <datafield ind1=" " ind2=" " tag="260">
                            <subfield code="a">Bristol, IN, U.S.A. :</subfield>
                            <subfield code="b">Wyndham Hall Press,</subfield>
                            <subfield code="c">c1987.</subfield>
                        </datafield>
                        <datafield ind1=" " ind2=" " tag="300">
                            <subfield code="a">71 p. ;</subfield>
                            <subfield code="c">22 cm.</subfield>
                        </datafield>
                        <datafield ind1=" " ind2="0" tag="650">
                            <subfield code="a">Jews</subfield>
                            <subfield code="z">Soviet Union</subfield>
                            <subfield code="x">History.</subfield>
                            <subfield code="0">(uri)http://id.loc.gov/authorities/subjects/sh85070482</subfield>
                        </datafield>
                        <datafield ind1=" " ind2="0" tag="650">
                            <subfield code="a">Refuseniks.</subfield>
                            <subfield code="0">(uri)http://id.loc.gov/authorities/subjects/sh85112332</subfield>
                        </datafield>
                        <datafield ind1="1" ind2="0" tag="600">
                            <subfield code="a">Axelrad, Albert S.,</subfield>
                            <subfield code="d">1938-</subfield>
                        </datafield>
                        <datafield ind1=" " ind2="0" tag="651">
                            <subfield code="a">Soviet Union</subfield>
                            <subfield code="x">Description and travel.</subfield>
                            <subfield code="0">(uri)http://id.loc.gov/authorities/subjects/sh85125718</subfield>
                        </datafield>
                        <datafield ind1=" " ind2=" " tag="998">
                            <subfield code="a">03/02/88</subfield>
                            <subfield code="s">9110</subfield>
                            <subfield code="n">NjP</subfield>
                            <subfield code="w">DCLC8750034B</subfield>
                            <subfield code="d">03/02/88</subfield>
                            <subfield code="c">HBA</subfield>
                            <subfield code="b">HBA</subfield>
                            <subfield code="i">880302</subfield>
                            <subfield code="l">NJPG</subfield>
                        </datafield>
                        <datafield ind1=" " ind2=" " tag="911">
                            <subfield code="a">19921028</subfield>
                        </datafield>
                        <datafield ind1=" " ind2=" " tag="912">
                            <subfield code="a">19950619030311.0</subfield>
                        </datafield>
                    </record>
                </collection>
            </content>
        </bib>
        <holdings>
            <holding>
                <owningInstitutionHoldingsId>2</owningInstitutionHoldingsId>
                <content>
                    <collection xmlns="http://www.loc.gov/MARC21/slim">
                        <record>
                            <datafield ind1="0" ind2="0" tag="852">
                                <subfield code="b">rcppa</subfield>
                                <subfield code="h">DS135.R92A98 1987</subfield>
                            </datafield>
                        </record>
                    </collection>
                </content>
                <items>
                    <content>
                        <collection xmlns="http://www.loc.gov/MARC21/slim">
                            <record>
                                <datafield ind1="0" ind2="0" tag="876">
                                    <subfield code="a">2</subfield>
                                    <subfield code="h" />
                                    <subfield code="j">Available</subfield>
                                    <subfield code="p">32101079165716</subfield>
                                    <subfield code="t">1</subfield>
                                </datafield>
                                <datafield ind1="0" ind2="0" tag="900">
                                    <subfield code="a">Shared</subfield>
                                    <subfield code="b">PA</subfield>
                                </datafield>
                            </record>