
                        </collection>
                    </content>
                </items>
            </holding>
        </holdings>
    </bibRecord>
    <bibRecord>
        <bib>
            <owningInstitutionId>PUL</owningInstitutionId>
            <content>
                <collection xmlns="http://www.loc.gov/MARC21/slim">
                    <record>
                        <leader>00709cam a2200217   4500</leader>
                        <controlfield tag="001">4</controlfield>
                        <controlfield tag="005">20160317172951.0</controlfield>
                        <controlfield tag="008">900328s1767    stka          00000 eng d</controlfield>
                        <datafield ind1=" " ind2=" " tag="035">
                            <subfield code="a">(CStRLIN)NJPGSTK-B</subfield>
                        </datafield>
                        <datafield ind1=" " ind2=" " tag="035">
                            <subfield code="9">AAF4237TS</subfield>
                        </datafield>
                        <datafield ind1=" " ind2=" " tag="040">
                            <subfield code="a">NjP</subfield>
                            <subfield code="c">NjP</subfield>
                        </datafield>
                        <datafield ind1="1" ind2=" " tag="100">
                            <subfield code="a">Fielding, Henry,</subfield>
                            <subfield code="d">1707-1754</subfield>
                            <subfield code="0">(uri)http://id.loc.gov/authorities/names/n79016886</subfield>
                        </datafield>
                        <datafield ind1="1" ind2="0" tag="240">
                            <subfield code="a">Works.</subfield>
                            <subfield code="f">1767</subfield>
                        </datafield>
                        <datafield ind1="1" ind2="4" tag="245">
                            <subfield code="a">The works of Henry Fielding :</subfield>
                            <subfield code="b">with the life of the author.</subfield>
                        </datafield>
                        <datafield ind1=" " ind2=" " tag="250">
                            <subfield code="a">4th ed.</subfield>
                        </datafield>
                        <datafield ind1=" " ind2=" " tag="260">
                            <subfield code="a">Edinburgh :</subfield>
                            <subfield code="b">Printed by Martin &amp; Wotherspoon,</subfield>
                            <subfield code="c">1767.</subfield>
                        </datafield>
                        <datafield ind1=" " ind2=" " tag="300">
                            <subfield code="a">12 v. :</subfield>
                            <subfield code="b">illus. ;</subfield>
                            <subfield code="c">19 cm.</subfield>
                        </datafield>
                        <datafield ind1=" " ind2=" " tag="998">
                            <subfield code="a">03/28/90</subfield>
                            <subfield code="s">1924</subfield>
                            <subfield code="n">NjP</subfield>
                            <subfield code="w">NJPGSTKB</subfield>
                            <subfield code="d">03/28/90</subfield>
                            <subfield code="c">JKS</subfield>
                            <subfield code="b">JKS</subfield>
                            <subfield code="i">900328</subfield>
                            <subfield code="l">NJPG</subfield>
                        </datafield>
                        <datafield ind1=" " ind2=" " tag="948">
                            <subfield code="a">CON AACR2x</subfield>
                        </datafield>
                        <datafield ind1=" " ind2=" " tag="911">
                            <subfield code="a">19921028</subfield>
                        </datafield>
                        <datafield ind1=" " ind2=" " tag="912">
                            <subfield code="a">19910104000000.0</subfield>
                        </datafield>
                    </record>
                </collection>
            </content>
        </bib>
        <holdings>
            <holding>
                <owningInstitutionHoldingsId>4</owningInstitutionHoldingsId>
                <content>
                    <collection xmlns="http://www.loc.gov/MARC21/slim">
                        <record>
                            <datafield ind1="8" ind2="0" tag="852">
                                <subfield code="b">rcpxr</subfield>
                                <subfield code="h">3738.1767</subfield>
                            </datafield>
                            <datafield ind1=" " ind2="0" tag="866">
                                <subfield code="a">Vol.1-v.11</subfield>
                            </datafield>
                        </record>
                    </collection>
                </content>
                <items>
                    <content>
                        <collection xmlns="http://www.loc.gov/MARC21/slim">
                            <record>
                                <datafield ind1="0" ind2="0" tag="876">
                                    <subfield code="a">3903760</subfield>
                                    <subfield code="h">Supervised Use</subfield>
                                    <subfield code="j">Available</subfield>
                                    <subfield code="p">32101037077649</subfield>
                                    <subfield code="t">1</subfield>
                                    <subfield code="3">v.1</subfield>
                                </datafield>
                                <datafield ind1="0" ind2="0" tag="900">
                                    <subfield code="a">Private</subfield>
                                    <subfield code="b">PG</subfield>
                                </datafield>
                            </record>
                            <record>
                                <datafield ind1="0" ind2="0" tag="876">
                                    <subfield code="a">3903798</subfield>
                                    <subfield code="h">Supervised Use</subfield>
                                    <subfield code="j">Available</subfield>
                                    <subfield code="p">32101037077631</subfield>
                                    <subfield code="t">1</subfield>
                                    <subfield code="3">v.2</subfield>
                                </datafield>
                                <datafield ind1="0" ind2="0" tag="900">
                                    <subfield code="a">Private</subfield>
                                    <subfield code="b">PG</subfield>
                                </datafield>
                            </record>
                            <record>
                                <datafield ind1="0" ind2="0" tag="876">
                                    <subfield code="a">3903799</subfield>
                                    <subfield code="h">Supervised Use</subfield>
                                    <subfield code="j">Available</subfield>
                                    <subfield code="p">32101037077623</subfield>
                                    <subfield code="t">1</subfield>
                                    <subfield code="3">v.3</subfield>
                                </datafield>
                                <datafield ind1="0" ind2="0" tag="900">
                                    <subfield code="a">Private</subfield>
                                    <subfield code="b">PG</subfield>
                                </datafield>
                            </record>
                            <record>
                                <datafield ind1="0" ind2="0" tag="876">
                                    <subfield code="a">3903802</subfield>
                                    <subfield code="h">Supervised Use</subfield>
                                    <subfield code="j">Available</subfield>
                                    <subfield code="p">32101037077615</subfield>
                                    <subfield code="t">1</subfield>
                                    <subfield code="3">v.4</subfield>
                                </datafield>
                                <datafield ind1="0" ind2="0" tag="900">
                                    <subfield code="a">Private</subfield>
                                    <subfield code="b">PG</subfield>
                                </datafield>
                            </record>
                            <record>
                                <datafield ind1="0" ind2="0" tag="876">
                                    <subfield code="a">3903803</subfield>
                                    <subfield code="h">Supervised Use</subfield>
                                    <subfield code="j">Available</subfield>
                                    <subfield code="p">32101037077607</subfield>
                                    <subfield code="t">1</subfield>
                                    <subfield code="3">v.5</subfield>
                                </datafield>
                                <datafield ind1="0" ind2="0" tag="900">
                                    <subfield code="a">Private</subfield>
                                    <subfield code="b">PG</subfield>
                                </datafield>
                            </record>
                            <record>
                                <datafield ind1="0" ind2="0" tag="876">
                                    <subfield code="a">3903805</subfield>
                                    <subfield code="h">Supervised Use</subfield>
                                    <subfield code="j">Available</subfield>
                                    <subfield code="p">32101037077912</subfield>
                                    <subfield code="t">1</subfield>
                                    <subfield code="3">v.6</subfield>
                                </datafield>
                                <datafield ind1="0" ind2="0" tag="900">
                                    <subfield code="a">Private</subfield>
                                    <subfield code="b">PG</subfield>
                                </datafield>
                            </record>
                            <record>
                                <datafield ind1="0" ind2="0" tag="876">
                                    <subfield code="a">3903806</subfield>
                                    <subfield code="h">Supervised Use</subfield>
                                    <subfield code="j">Available</subfield>
                                    <subfield code="p">32101037077904</subfield>
                                    <subfield code="t">1</subfield>
                                    <subfield code="3">v.7</subfield>
                                </datafield>
                                <datafield ind1="0" ind2="0" tag="900">
                                    <subfield code="a">Private</subfield>
                                    <subfield code="b">PG</subfield>
                                </datafield>
                            </record>
                            <record>
                                <datafield ind1="0" ind2="0" tag="876">
                                    <subfield code="a">3903808</subfield>
                                    <subfield code="h">Supervised Use</subfield>
                                    <subfield code="j">Available</subfield>
                                    <subfield code="p">32101037077896</subfield>
                                    <subfield code="t">1</subfield>
                                    <subfield code="3">v.8</subfield>
                                </datafield>
                                <datafield ind1="0" ind2="0" tag="900">
                                    <subfield code="a">Private</subfield>
                                    <subfield code="b">PG</subfield>
                                </datafield>
                            </record>
                            <record>
                                <datafield ind1="0" ind2="0" tag="876">
                                    <subfield code="a">3903811</subfield>
                                    <subfield code="h">Supervised Use</subfield>
                                    <subfield code="j">Available</subfield>
                                    <subfield code="p">32101037077888</subfield>
                                    <subfield code="t">1</subfield>
                                    <subfield code="3">v.9</subfield>
                                </datafield>
                                <datafield ind1="0" ind2="0" tag="900">
                                    <subfield code="a">Private</subfield>
                                    <subfield code="b">PG</subfield>
                                </datafield>
                            </record>
                            <record>
                                <datafield ind1="0" ind2="0" tag="876">
                                    <subfield code="a">3903813</subfield>
                                    <subfield code="h">Supervised Use</subfield>
                                    <subfield code="j">Available</subfield>
                                    <subfield code="p">32101037077870</subfield>
                                    <subfield code="t">1</subfield>
                                    <subfield code="3">v.10</subfield>
                                </datafield>
                                <datafield ind1="0" ind2="0" tag="900">
                                    <subfield code="a">Private</subfield>
                                    <subfield code="b">PG</subfield>
                                </datafield>
                            </record>
                            <record>
                                <datafield ind1="0" ind2="0" tag="876">
                                    <subfield code="a">3903814</subfield>
                                    <subfield code="h">Supervised Use</subfield>
                                    <subfield code="j">Available</subfield>
                                    <subfield code="p">32101037077862</subfield>
                                    <subfield code="t">1</subfield>
                                    <subfield code="3">v.11</subfield>
                                </datafield>
                                <datafield ind1="0" ind2="0" tag="900">
                                    <subfield code="a">Private</subfield>
                                    <subfield code="b">PG</subfield>
                                </datafield>
                            </record>