
                        </collection>
                    </content>
                </items>
            </holding>
        </holdings>
    </bibRecord>
    <bibRecord>
        <bib>
            <owningInstitutionId>PUL</owningInstitutionId>
            <content>
                <collection xmlns="http://www.loc.gov/MARC21/slim">
                    <record>
                        <leader>00885cas a2200289 i 4500</leader>
                        <controlfield tag="001">22</controlfield>
                        <controlfield tag="005">20160317172955.0</controlfield>
                        <controlfield tag="008">801201d197219uururar p       0uuuc0rusr</controlfield>
                        <datafield ind1=" " ind2=" " tag="010">
                            <subfield code="a">72357714</subfield>
                        </datafield>
                        <datafield ind1=" " ind2=" " tag="035">
                            <subfield code="a">(OCoLC)5062456</subfield>
                        </datafield>
                        <datafield ind1=" " ind2=" " tag="035">
                            <subfield code="a">(CStRLIN)NJPG0127-S</subfield>
                        </datafield>
                        <datafield ind1=" " ind2=" " tag="035">
                            <subfield code="9">AAF4256TS</subfield>
                        </datafield>
                        <datafield ind1=" " ind2=" " tag="040">
                            <subfield code="a">NjP</subfield>
                            <subfield code="c">NjP</subfield>
                        </datafield>
                        <datafield ind1=" " ind2=" " tag="043">
                            <subfield code="a">e-ur---</subfield>
                        </datafield>
                        <datafield ind1="0" ind2=" " tag="050">
                            <subfield code="a">UA772</subfield>
                            <subfield code="b">.S82</subfield>
                        </datafield>
                        <datafield ind1="1" ind2=" " tag="212">
                            <subfield code="a">Sto voprosov- sto otvetov</subfield>
                        </datafield>
                        <datafield ind1="0" ind2="0" tag="245">
                            <subfield code="a">100 voprosov - 100 otvetov.</subfield>
                        </datafield>
                        <datafield ind1=" " ind2=" " tag="260">
                            <subfield code="a">Moskva :</subfield>
                            <subfield code="b">Mol. Gvardii︠a︡,</subfield>
                            <subfield code="c">1972-</subfield>
                        </datafield>
                        <datafield ind1=" " ind2=" " tag="300">
                            <subfield code="a">v. :</subfield>
                            <subfield code="b">ill. ;</subfield>
                            <subfield code="c">26-41 cm.</subfield>
                        </datafield>
                        <datafield ind1="0" ind2=" " tag="362">
                            <subfield code="a">1972-</subfield>
                        </datafield>
                        <datafield ind1=" " ind2=" " tag="500">
                            <subfield code="a">Cover title.</subfield>
                        </datafield>
                        <datafield ind1=" " ind2=" " tag="515">
                            <subfield code="a">Vols. for 1972-&amp;lt;1982&amp;gt; called also vyp. 1-&amp;lt;8/2&amp;gt;.</subfield>
                        </datafield>
                        <datafield ind1=" " ind2="0" tag="651">
                            <subfield code="a">Soviet Union</subfield>
                            <subfield code="x">Armed forces.</subfield>
                            <subfield code="0">(uri)http://id.loc.gov/authorities/subjects/sh85125707</subfield>
                        </datafield>
                        <datafield ind1=" " ind2=" " tag="998">
                            <subfield code="a">06/29/94</subfield>
                            <subfield code="s">9114</subfield>
                            <subfield code="n">NjP</subfield>
                            <subfield code="w">NJPG0127S</subfield>
                            <subfield code="d">10/05/81</subfield>
                            <subfield code="c">APG</subfield>
                            <subfield code="b">DPK</subfield>
                            <subfield code="i">940629</subfield>
                            <subfield code="l">NJPG</subfield>
                        </datafield>
                        <datafield ind1=" " ind2=" " tag="948">
                            <subfield code="a">AACR2 CONV.</subfield>
                        </datafield>
                        <datafield ind1=" " ind2=" " tag="911">
                            <subfield code="a">19940708</subfield>
                        </datafield>
                        <datafield ind1=" " ind2=" " tag="912">
                            <subfield code="a">19940629000000.0</subfield>
                        </datafield>
                    </record>
                </collection>
            </content>
        </bib>
        <holdings>
            <holding>
                <owningInstitutionHoldingsId>23</owningInstitutionHoldingsId>
                <content>
                    <collection xmlns="http://www.loc.gov/MARC21/slim">
                        <record>
                            <datafield ind1="0" ind2="1" tag="852">
                                <subfield code="b">rcppa</subfield>
                                <subfield code="h">UA772.S82</subfield>
                            </datafield>
                            <datafield ind1=" " ind2="0" tag="866">
                                <subfield code="6">0</subfield>
                                <subfield code="x">OK to add by imprint year per DLJ 6-18-87</subfield>
                            </datafield>
                        </record>
                    </collection>
                </content>
                <items>
                    <content>
                        <collection xmlns="http://www.loc.gov/MARC21/slim">
                            <record>
                                <datafield ind1="0" ind2="0" tag="876">
                                    <subfield code="a">5591105</subfield>
                                    <subfield code="h" />
                                    <subfield code="j">Available</subfield>
                                    <subfield code="p">32101075649135</subfield>
                                    <subfield code="t">1</subfield>
                                    <subfield code="3">1977 (vyp.6)</subfield>
                                </datafield>
                                <datafield ind1="0" ind2="0" tag="900">
                                    <subfield code="a">Shared</subfield>
                                    <subfield code="b">PA</subfield>
                                </datafield>
                            </record>
                            <record>
                                <datafield ind1="0" ind2="0" tag="876">
                                    <subfield code="a">5591314</subfield>
                                    <subfield code="h" />
                                    <subfield code="j">Available</subfield>
                                    <subfield code="p">32101075649143</subfield>
                                    <subfield code="t">1</subfield>
                                    <subfield code="3">1979 (vyp.7)</subfield>
                                </datafield>
                                <datafield ind1="0" ind2="0" tag="900">
                                    <subfield code="a">Shared</subfield>
                                    <subfield code="b">PA</subfield>
                                </datafield>
                            </record>
                            <record>
                                <datafield ind1="0" ind2="0" tag="876">
                                    <subfield code="a">5591315</subfield>
                                    <subfield code="h" />
                                    <subfield code="j">Available</subfield>
                                    <subfield code="p">32101075649150</subfield>
                                    <subfield code="t">1</subfield>
                                    <subfield code="3">1981 (vyp.8)</subfield>
                                </datafield>
                                <datafield ind1="0" ind2="0" tag="900">
                                    <subfield code="a">Shared</subfield>
                                    <subfield code="b">PA</subfield>
                                </datafield>
                            </record>
                            <record>
                                <datafield ind1="0" ind2="0" tag="876">
                                    <subfield code="a">5591317</subfield>
                                    <subfield code="h" />
                                    <subfield code="j">Available</subfield>
                                    <subfield code="p">32101075649168</subfield>
                                    <subfield code="t">1</subfield>
                                    <subfield code="3">1982 (vyp.8/2)</subfield>
                                </datafield>
                                <datafield ind1="0" ind2="0" tag="900">
                                    <subfield code="a">Shared</subfield>
                                    <subfield code="b">PA</subfield>
                                </datafield>
                            </record>
                            <record>
                                <datafield ind1="0" ind2="0" tag="876">
                                    <subfield code="a">5591320</subfield>
                                    <subfield code="h" />
                                    <subfield code="j">Available</subfield>
                                    <subfield code="p">32101075649176</subfield>
                                    <subfield code="t">1</subfield>
                                    <subfield code="3">1985</subfield>
                                </datafield>
                                <datafield ind1="0" ind2="0" tag="900">
                                    <subfield code="a">Shared</subfield>
                                    <subfield code="b">PA</subfield>
                                </datafield>
                            </record>
                            <record>
                                <datafield ind1="0" ind2="0" tag="876">
                                    <subfield code="a">5591324</subfield>
                                    <subfield code="h" />
                                    <subfield code="j">Available</subfield>
                                    <subfield code="p">32101075649184</subfield>
                                    <subfield code="t">1</subfield>
                                    <subfield code="3">1986</subfield>
                                </datafield>
                                <datafield ind1="0" ind2="0" tag="900">
                                    <subfield code="a">Shared</subfield>
                                    <subfield code="b">PA</subfield>
                                </datafield>
                            </record>