
                        </collection>
                    </content>
                </items>
            </holding>
        </holdings>
    </bibRecord>
    <bibRecord>
        <bib>
            <owningInstitutionId>PUL</owningInstitutionId>
            <content>
                <collection xmlns="http://www.loc.gov/MARC21/slim">
                    <record>
                        <leader>01213cas a2200325 a 4500</leader>
                        <controlfield tag="001">23</controlfield>
                        <controlfield tag="005">20160317172955.0</controlfield>
                        <controlfield tag="008">801201c19799999nyuuu1        0uuua0eng d</controlfield>
                        <datafield ind1=" " ind2=" " tag="010">
                            <subfield code="a">81642618</subfield>
                        </datafield>
                        <datafield ind1="0" ind2=" " tag="022">
                            <subfield code="a">0277-6758</subfield>
                        </datafield>
                        <datafield ind1=" " ind2=" " tag="035">
                            <subfield code="a">(OCoLC)5383200</subfield>
                        </datafield>
                        <datafield ind1=" " ind2=" " tag="035">
                            <subfield code="a">(CStRLIN)NJPG0128-S</subfield>
                        </datafield>
                        <datafield ind1=" " ind2=" " tag="035">
                            <subfield code="9">AAF4257TS</subfield>
                        </datafield>
                        <datafield ind1=" " ind2=" " tag="040">
                            <subfield code="a">CU</subfield>
                            <subfield code="c">CU</subfield>
                            <subfield code="d">NjP</subfield>
                        </datafield>
                        <datafield ind1=" " ind2=" " tag="042">
                            <subfield code="a">lc</subfield>
                            <subfield code="a">nsdp</subfield>
                        </datafield>
                        <datafield ind1="0" ind2=" " tag="050">
                            <subfield code="a">TK260</subfield>
                            <subfield code="b">.N2</subfield>
                        </datafield>
                        <datafield ind1="0" ind2="0" tag="245">
                            <subfield code="a">McGraw-Hill&amp;apos;s National electrical code handbook.</subfield>
                        </datafield>
                        <datafield ind1="1" ind2="0" tag="246">
                            <subfield code="a">National electrical code handbook</subfield>
                        </datafield>
                        <datafield ind1=" " ind2=" " tag="260">
                            <subfield code="a">New York :</subfield>
                            <subfield code="b">McGraw-Hill,</subfield>
                            <subfield code="c">c1979-</subfield>
                        </datafield>
                        <datafield ind1=" " ind2=" " tag="300">
                            <subfield code="a">v. :</subfield>
                            <subfield code="b">ill ;</subfield>
                            <subfield code="c">22 cm.</subfield>
                        </datafield>
                        <datafield ind1="0" ind2=" " tag="362">
                            <subfield code="a">16th ed.-</subfield>
                        </datafield>
                        <datafield ind1=" " ind2=" " tag="580">
                            <subfield code="a">Based on 1978-&amp;lt;1990&amp;gt; ed. of: National Fire Protection Association. National electrical code.</subfield>
                        </datafield>
                        <datafield ind1=" " ind2="0" tag="650">
                            <subfield code="a">Electrical engineering</subfield>
                            <subfield code="x">Insurance requirements.</subfield>
                            <subfield code="0">(uri)http://id.loc.gov/authorities/subjects/sh85041668</subfield>
                        </datafield>
                        <datafield ind1="2" ind2=" " tag="710">
                            <subfield code="a">National Fire Protection Association.</subfield>
                            <subfield code="t">National electrical code.</subfield>
                            <subfield code="0">(uri)http://id.loc.gov/authorities/names/n79064578</subfield>
                        </datafield>
                        <datafield ind1="0" ind2="0" tag="780">
                            <subfield code="t">NFPA handbook of the National electrical code</subfield>
                        </datafield>
                        <datafield ind1="1" ind2=" " tag="787">
                            <subfield code="t">National electrical code</subfield>
                        </datafield>
                        <datafield ind1=" " ind2=" " tag="998">
                            <subfield code="a">07/30/93</subfield>
                            <subfield code="s">9114</subfield>
                            <subfield code="n">NjP</subfield>
                            <subfield code="w">DCLC81642618S</subfield>
                            <subfield code="d">10/05/81</subfield>
                            <subfield code="c">KRH</subfield>
                            <subfield code="b">JKS</subfield>
                            <subfield code="i">930730</subfield>
                            <subfield code="l">NJPG</subfield>
                        </datafield>
                        <datafield ind1=" " ind2=" " tag="948">
                            <subfield code="a">AACR2 CONV</subfield>
                        </datafield>
                        <datafield ind1=" " ind2=" " tag="911">
                            <subfield code="a">19930805</subfield>
                        </datafield>
                        <datafield ind1=" " ind2=" " tag="912">
                            <subfield code="a">19930730000000.0</subfield>
                        </datafield>
                    </record>
                </collection>
            </content>
        </bib>
        <holdings>
            <holding>
                <owningInstitutionHoldingsId>24</owningInstitutionHoldingsId>
                <content>
                    <collection xmlns="http://www.loc.gov/MARC21/slim">
                        <record>
                            <datafield ind1="0" ind2="1" tag="852">
                                <subfield code="b">rcppa</subfield>
                                <subfield code="h">TK260.xN2</subfield>
                            </datafield>
                            <datafield ind1=" " ind2="0" tag="866">
                                <subfield code="8">0</subfield>
                                <subfield code="x">DESIGNATOR: ed.</subfield>
                            </datafield>
                        </record>
                    </collection>
                </content>
                <items>
                    <content>
                        <collection xmlns="http://www.loc.gov/MARC21/slim">
                            <record>
                                <datafield ind1="0" ind2="0" tag="876">
                                    <subfield code="a">33</subfield>
                                    <subfield code="h" />
                                    <subfield code="j">Available</subfield>
                                    <subfield code="p">32101095156244</subfield>
                                    <subfield code="t">1</subfield>
                                    <subfield code="3">16th (1979)</subfield>
                                </datafield>
                                <datafield ind1="0" ind2="0" tag="900">
                                    <subfield code="a">Shared</subfield>
                                    <subfield code="b">PA</subfield>
                                </datafield>
                            </record>
                            <record>
                                <datafield ind1="0" ind2="0" tag="876">
                                    <subfield code="a">34</subfield>
                                    <subfield code="h" />
                                    <subfield code="j">Available</subfield>
                                    <subfield code="p">32101095156236</subfield>
                                    <subfield code="t">1</subfield>
                                    <subfield code="3">20th (1990)</subfield>
                                </datafield>
                                <datafield ind1="0" ind2="0" tag="900">
                                    <subfield code="a">Shared</subfield>
                                    <subfield code="b">PA</subfield>
                                </datafield>
                            </record>