
                        </collection>
                    </content>
                </items>
            </holding>
        </holdings>
    </bibRecord>
    <bibRecord>
        <bib>
            <owningInstitutionId>PUL</owningInstitutionId>
            <content>
                <collection xmlns="http://www.loc.gov/MARC21/slim">
                    <record>
                        <leader>01152cas a2200301   4500</leader>
                        <controlfield tag="001">34</controlfield>
                        <controlfield tag="005">20160317172957.0</controlfield>
                        <controlfield tag="008">801201d19791980njufr p  g    0uuua0eng d</controlfield>
                        <datafield ind1=" " ind2=" " tag="022">
                            <subfield code="a">0278-5633</subfield>
                        </datafield>
                        <datafield ind1=" " ind2=" " tag="035">
                            <subfield code="a">(OCoLC)5456406</subfield>
                        </datafield>
                        <datafield ind1=" " ind2=" " tag="035">
                            <subfield code="a">(CStRLIN)NJPG0138-S</subfield>
                        </datafield>
                        <datafield ind1=" " ind2=" " tag="035">
                            <subfield code="9">AAF4268TS</subfield>
                        </datafield>
                        <datafield ind1=" " ind2=" " tag="040">
                            <subfield code="a">NjP</subfield>
                            <subfield code="c">NjP</subfield>
                        </datafield>
                        <datafield ind1=" " ind2=" " tag="043">
                            <subfield code="a">n-us---</subfield>
                        </datafield>
                        <datafield ind1="0" ind2="0" tag="245">
                            <subfield code="a">Rutgers journal of computers, technology and the law.</subfield>
                        </datafield>
                        <datafield ind1="1" ind2="3" tag="246">
                            <subfield code="a">Rutgers journal - computers, technology and the law</subfield>
                        </datafield>
                        <datafield ind1=" " ind2=" " tag="260">
                            <subfield code="a">Newark, N.J. :</subfield>
                            <subfield code="b">Rutgers Law School,</subfield>
                            <subfield code="c">1979-1980.</subfield>
                        </datafield>
                        <datafield ind1=" " ind2=" " tag="300">
                            <subfield code="a">2 v. ;</subfield>
                            <subfield code="c">24 cm.</subfield>
                        </datafield>
                        <datafield ind1="0" ind2=" " tag="362">
                            <subfield code="a">Vol. 7, no. 1 (1979)-v. 8, no. 1 (1980).</subfield>
                        </datafield>
                        <datafield ind1=" " ind2="0" tag="650">
                            <subfield code="a">Information storage and retrieval systems</subfield>
                            <subfield code="x">Law</subfield>
                            <subfield code="z">United States</subfield>
                            <subfield code="v">Periodicals.</subfield>
                        </datafield>
                        <datafield ind1=" " ind2="0" tag="650">
                            <subfield code="a">Electronic data processing</subfield>
                            <subfield code="x">Legal research</subfield>
                            <subfield code="v">Periodicals.</subfield>
                        </datafield>
                        <datafield ind1="2" ind2=" " tag="710">
                            <subfield code="a">Rutgers Law School (Newark, N.J.)</subfield>
                            <subfield code="0">(uri)http://id.loc.gov/authorities/names/n82139375</subfield>
                        </datafield>
                        <datafield ind1="0" ind2="0" tag="780">
                            <subfield code="t">Rutgers journal of computers and the law</subfield>
                            <subfield code="x">0048-8844</subfield>
                        </datafield>
                        <datafield ind1="0" ind2="0" tag="785">
                            <subfield code="t">Rutgers computer &amp; technology law journal</subfield>
                            <subfield code="x">0735-8938</subfield>
                        </datafield>
                        <datafield ind1=" " ind2=" " tag="998">
                            <subfield code="a">12/07/93</subfield>
                            <subfield code="s">9114</subfield>
                            <subfield code="n">NjP</subfield>
                            <subfield code="w">CTYL84S238</subfield>
                            <subfield code="d">10/05/81</subfield>
                            <subfield code="c">APG</subfield>
                            <subfield code="b">JKS</subfield>
                            <subfield code="i">931207</subfield>
                            <subfield code="l">NJPG</subfield>
                        </datafield>
                        <datafield ind1=" " ind2=" " tag="948">
                            <subfield code="a">AACR2 CONV</subfield>
                        </datafield>
                        <datafield ind1=" " ind2=" " tag="911">
                            <subfield code="a">19931216</subfield>
                        </datafield>
                        <datafield ind1=" " ind2=" " tag="912">
                            <subfield code="a">19931207000000.0</subfield>
                        </datafield>
                    </record>
                </collection>
            </content>
        </bib>
        <holdings>
            <holding>
                <owningInstitutionHoldingsId>37</owningInstitutionHoldingsId>
                <content>
                    <collection xmlns="http://www.loc.gov/MARC21/slim">
                        <record>
                            <datafield ind1="0" ind2="1" tag="852">
                                <subfield code="b">rcppa</subfield>
                                <subfield code="h">K22.U83</subfield>
                            </datafield>
                            <datafield ind1=" " ind2="0" tag="866">
                                <subfield code="x">DESIGNATOR: vol.</subfield>
                            </datafield>
                        </record>
                    </collection>
                </content>
                <items>
                    <content>
                        <collection xmlns="http://www.loc.gov/MARC21/slim">
                            <record>
                                <datafield ind1="0" ind2="0" tag="876">
                                    <subfield code="a">3684356</subfield>
                                    <subfield code="h" />
                                    <subfield code="j">Available</subfield>
                                    <subfield code="p">32101062123300</subfield>
                                    <subfield code="t">1</subfield>
                                    <subfield code="3">v. 7 (1979-80)</subfield>
                                </datafield>
                                <datafield ind1="0" ind2="0" tag="900">
                                    <subfield code="a">Shared</subfield>
                                    <subfield code="b">PA</subfield>
                                </datafield>
                            </record>
                            <record>
                                <datafield ind1="0" ind2="0" tag="876">
                                    <subfield code="a">4441173</subfield>
                                    <subfield code="h" />
                                    <subfield code="j">Available</subfield>
                                    <subfield code="p">32101062123292</subfield>
                                    <subfield code="t">1</subfield>
                                    <subfield code="3">v. 8, no. 1 (1980)</subfield>
                                </datafield>
                                <datafield ind1="0" ind2="0" tag="900">
                                    <subfield code="a">Shared</subfield>
                                    <subfield code="b">PA</subfield>
                                </datafield>
                            </record>