
                        </collection>
                    </content>
                </items>
            </holding>
        </holdings>
    </bibRecord>
    <bibRecord>
        <bib>
            <owningInstitutionId>PUL</owningInstitutionId>
            <content>
                <collection xmlns="http://www.loc.gov/MARC21/slim">
                    <record>
                        <leader>00920cas a2200289 i 4500</leader>
                        <controlfield tag="001">36</controlfield>
                        <controlfield tag="005">20160317172958.0</controlfield>
                        <controlfield tag="008">800701c19uu9999ja ar p      f0uuua0eng</controlfield>
                        <datafield ind1=" " ind2=" " tag="010">
                            <subfield code="a">74159707 //r77</subfield>
                        </datafield>
                        <datafield ind1=" " ind2=" " tag="035">
                            <subfield code="a">(OCoLC)2720743</subfield>
                        </datafield>
                        <datafield ind1=" " ind2=" " tag="035">
                            <subfield code="a">(CStRLIN)NJPG014-S</subfield>
                        </datafield>
                        <datafield ind1=" " ind2=" " tag="035">
                            <subfield code="9">AAF4270TS</subfield>
                        </datafield>
                        <datafield ind1=" " ind2=" " tag="040">
                            <subfield code="d">NjP</subfield>
                        </datafield>
                        <datafield ind1=" " ind2=" " tag="042">
                            <subfield code="a">lc</subfield>
                        </datafield>
                        <datafield ind1=" " ind2=" " tag="043">
                            <subfield code="a">a-ja---</subfield>
                        </datafield>
                        <datafield ind1="0" ind2=" " tag="050">
                            <subfield code="a">TD187.5.J3</subfield>
                            <subfield code="b">Q82</subfield>
                        </datafield>
                        <datafield ind1="0" ind2="0" tag="245">
                            <subfield code="a">Quality of the environment in Japan.</subfield>
                        </datafield>
                        <datafield ind1=" " ind2=" " tag="260">
                            <subfield code="a">[Tokyo] :</subfield>
                            <subfield code="b">Environment Agency,</subfield>
                        </datafield>
                        <datafield ind1=" " ind2=" " tag="300">
                            <subfield code="a">v. ;</subfield>
                            <subfield code="c">23 cm.</subfield>
                        </datafield>
                        <datafield ind1=" " ind2=" " tag="310">
                            <subfield code="a">Annual</subfield>
                        </datafield>
                        <datafield ind1=" " ind2="0" tag="650">
                            <subfield code="a">Pollution</subfield>
                            <subfield code="z">Japan</subfield>
                            <subfield code="x">Periodicals.</subfield>
                        </datafield>
                        <datafield ind1=" " ind2="0" tag="650">
                            <subfield code="a">Environmental protection</subfield>
                            <subfield code="z">Japan</subfield>
                            <subfield code="x">Periodicals.</subfield>
                            <subfield code="0">(uri)http://id.loc.gov/authorities/subjects/sh2009103444</subfield>
                        </datafield>
                        <datafield ind1="1" ind2=" " tag="710">
                            <subfield code="a">Japan.</subfield>
                            <subfield code="b">Kankyōchō.</subfield>
                            <subfield code="0">(uri)http://id.loc.gov/authorities/names/n80051170</subfield>
                        </datafield>
                        <datafield ind1=" " ind2=" " tag="998">
                            <subfield code="a">09/18/92</subfield>
                            <subfield code="s">9110</subfield>
                            <subfield code="n">NjP</subfield>
                            <subfield code="w">NJPG014S</subfield>
                            <subfield code="d">10/05/81</subfield>
                            <subfield code="c">KRH</subfield>
                            <subfield code="b">CDD</subfield>
                            <subfield code="i">920918</subfield>
                            <subfield code="l">NJPG</subfield>
                        </datafield>
                        <datafield ind1=" " ind2=" " tag="948">
                            <subfield code="a">AACR2 CONV</subfield>
                        </datafield>
                        <datafield ind1=" " ind2=" " tag="911">
                            <subfield code="a">19921028</subfield>
                        </datafield>
                        <datafield ind1=" " ind2=" " tag="912">
                            <subfield code="a">19950418042544.0</subfield>
                        </datafield>
                    </record>
                </collection>
            </content>
        </bib>
        <holdings>
            <holding>
                <owningInstitutionHoldingsId>39</owningInstitutionHoldingsId>
                <content>
                    <collection xmlns="http://www.loc.gov/MARC21/slim">
                        <record>
                            <datafield ind1="0" ind2="1" tag="852">
                                <subfield code="b">rcppa</subfield>
                                <subfield code="h">TD187.5.J3Q82</subfield>
                            </datafield>
                            <datafield ind1=" " ind2="0" tag="866">
                                <subfield code="8">0</subfield>
                                <subfield code="a">1973; 1992</subfield>
                            </datafield>
                        </record>
                    </collection>
                </content>
                <items>
                    <content>
                        <collection xmlns="http://www.loc.gov/MARC21/slim">
                            <record>
                                <datafield ind1="0" ind2="0" tag="876">
                                    <subfield code="a">6690750</subfield>
                                    <subfield code="h" />
                                    <subfield code="j">Available</subfield>
                                    <subfield code="p">32101087276463</subfield>
                                    <subfield code="t">1</subfield>
                                    <subfield code="3">1973</subfield>
                                </datafield>
                                <datafield ind1="0" ind2="0" tag="900">
                                    <subfield code="a">Shared</subfield>
                                    <subfield code="b">PA</subfield>
                                </datafield>
                            </record>
                            <record>
                                <datafield ind1="0" ind2="0" tag="876">
                                    <subfield code="a">6690755</subfield>
                                    <subfield code="h" />
                                    <subfield code="j">Available</subfield>
                                    <subfield code="p">32101087276455</subfield>
                                    <subfield code="t">1</subfield>
                                    <subfield code="3">1992</subfield>
                                </datafield>
                                <datafield ind1="0" ind2="0" tag="900">
                                    <subfield code="a">Shared</subfield>
                                    <subfield code="b">PA</subfield>
                                </datafield>
                            </record>