
                        </collection>
                    </content>
                </items>
            </holding>
        </holdings>
    </bibRecord>
    <bibRecord>
        <bib>
            <owningInstitutionId>PUL</owningInstitutionId>
            <content>
                <collection xmlns="http://www.loc.gov/MARC21/slim">
                    <record>
                        <leader>01182cas a2200337 a 4500</leader>
                        <controlfield tag="001">38</controlfield>
                        <controlfield tag="005">20160817153611.0</controlfield>
                        <controlfield tag="007">hdrbfu|||baba</controlfield>
                        <controlfield tag="007">hdrafu|||baca</controlfield>
                        <controlfield tag="008">810601c19199999nyumr p       0 uu 0eng d</controlfield>
                        <datafield ind1=" " ind2=" " tag="035">
                            <subfield code="a">(OCoLC)4517386</subfield>
                        </datafield>
                        <datafield ind1=" " ind2=" " tag="035">
                            <subfield code="a">(CStRLIN)NJPG0141-S</subfield>
                        </datafield>
                        <datafield ind1=" " ind2=" " tag="035">
                            <subfield code="9">AAF4272TS</subfield>
                        </datafield>
                        <datafield ind1=" " ind2=" " tag="040">
                            <subfield code="a">NjP</subfield>
                            <subfield code="c">NjP</subfield>
                        </datafield>
                        <datafield ind1=" " ind2=" " tag="043">
                            <subfield code="a">n-us---</subfield>
                        </datafield>
                        <datafield ind1="0" ind2=" " tag="130">
                            <subfield code="a">Justice (New York, N.Y. : 1919)</subfield>
                        </datafield>
                        <datafield ind1="0" ind2="0" tag="245">
                            <subfield code="a">Justice</subfield>
                            <subfield code="h">[microform]</subfield>
                        </datafield>
                        <datafield ind1=" " ind2=" " tag="260">
                            <subfield code="a">New York :</subfield>
                            <subfield code="b">International Ladies&amp;apos; Garment Workers&amp;apos; Union,</subfield>
                        </datafield>
                        <datafield ind1=" " ind2=" " tag="300">
                            <subfield code="a">v. :</subfield>
                            <subfield code="b">ill.</subfield>
                        </datafield>
                        <datafield ind1=" " ind2=" " tag="310">
                            <subfield code="a">Monthly,</subfield>
                            <subfield code="b">Mar. 1979-</subfield>
                        </datafield>
                        <datafield ind1=" " ind2=" " tag="321">
                            <subfield code="a">Semimonthly,</subfield>
                            <subfield code="b">19&amp;lt; &amp;gt;-Feb. 1979)</subfield>
                        </datafield>
                        <datafield ind1="0" ind2=" " tag="362">
                            <subfield code="a">Vol. 1, no. 1 (Jan. 18, 1919)-</subfield>
                        </datafield>
                        <datafield ind1=" " ind2=" " tag="515">
                            <subfield code="a">Suspended Feb.-July 1933.</subfield>
                        </datafield>
                        <datafield ind1=" " ind2=" " tag="515">
                            <subfield code="a">Vol. 2, no. 1-2 misnumbered as v. 1, no. 1-2.</subfield>
                        </datafield>
                        <datafield ind1=" " ind2=" " tag="533">
                            <subfield code="a">Microfilm.</subfield>
                            <subfield code="b">Millwood, N.Y.</subfield>
                            <subfield code="c">KTO Microform,</subfield>
                            <subfield code="e">microfilm reels; 35 mm.</subfield>
                        </datafield>
                        <datafield ind1=" " ind2="0" tag="650">
                            <subfield code="a">Clothing workers</subfield>
                            <subfield code="x">Labor unions</subfield>
                            <subfield code="z">United States</subfield>
                            <subfield code="x">Periodicals.</subfield>
                        </datafield>
                        <datafield ind1="2" ind2=" " tag="710">
                            <subfield code="a">International Ladies&amp;apos; Garment Workers&amp;apos; Union.</subfield>
                            <subfield code="0">(uri)http://id.loc.gov/authorities/names/n50060238</subfield>
                        </datafield>
                        <datafield ind1=" " ind2=" " tag="998">
                            <subfield code="a">08/06/91</subfield>
                            <subfield code="s">9114</subfield>
                            <subfield code="n">NjP</subfield>
                            <subfield code="w">DCLC75647087S</subfield>
                            <subfield code="d">10/05/81</subfield>
                            <subfield code="c">JGH</subfield>
                            <subfield code="b">NB</subfield>
                            <subfield code="i">910806</subfield>
                            <subfield code="l">NJPG</subfield>
                        </datafield>
                        <datafield ind1=" " ind2=" " tag="948">
                            <subfield code="a">AACR2 CONV.</subfield>
                        </datafield>
                        <datafield ind1=" " ind2=" " tag="911">
                            <subfield code="a">19921028</subfield>
                        </datafield>
                        <datafield ind1=" " ind2=" " tag="912">
                            <subfield code="a">20000120042832.0</subfield>
                        </datafield>
                    </record>
                </collection>
            </content>
        </bib>
        <holdings>
            <holding>
                <owningInstitutionHoldingsId>41</owningInstitutionHoldingsId>
                <content>
                    <collection xmlns="http://www.loc.gov/MARC21/slim">
                        <record>
                            <datafield ind1="8" ind2="1" tag="852">
                                <subfield code="b">rcppf</subfield>
                                <subfield code="h">MICROFILM S00189</subfield>
                            </datafield>
                            <datafield ind1=" " ind2="0" tag="866">
                                <subfield code="z">For bound holdings, see: (Annex A, size 5) HD6515.C6J9e</subfield>
                            </datafield>
                        </record>
                    </collection>
                </content>
                <items>
                    <content>
                        <collection xmlns="http://www.loc.gov/MARC21/slim">
                            <record>
                                <datafield ind1="0" ind2="0" tag="876">
                                    <subfield code="a">5780008</subfield>
                                    <subfield code="h" />
                                    <subfield code="j">Available</subfield>
                                    <subfield code="p">32101052195383</subfield>
                                    <subfield code="t">1</subfield>
                                    <subfield code="3">1918-1921</subfield>
                                </datafield>
                                <datafield ind1="0" ind2="0" tag="900">
                                    <subfield code="a">Shared</subfield>
                                    <subfield code="b">PF</subfield>
                                </datafield>
                            </record>
                            <record>
                                <datafield ind1="0" ind2="0" tag="876">
                                    <subfield code="a">5780011</subfield>
                                    <subfield code="h" />
                                    <subfield code="j">Available</subfield>
                                    <subfield code="p">32101052195391</subfield>
                                    <subfield code="t">1</subfield>
                                    <subfield code="3">Dec 1921-Apr 1924</subfield>
                                </datafield>
                                <datafield ind1="0" ind2="0" tag="900">
                                    <subfield code="a">Shared</subfield>
                                    <subfield code="b">PF</subfield>
                                </datafield>
                            </record>
                            <record>
                                <datafield ind1="0" ind2="0" tag="876">
                                    <subfield code="a">5780014</subfield>
                                    <subfield code="h" />
                                    <subfield code="j">Available</subfield>
                                    <subfield code="p">32101052195409</subfield>
                                    <subfield code="t">1</subfield>
                                    <subfield code="3">May 1924-1926</subfield>
                                </datafield>
                                <datafield ind1="0" ind2="0" tag="900">
                                    <subfield code="a">Shared</subfield>
                                    <subfield code="b">PF</subfield>
                                </datafield>
                            </record>
                            <record>
                                <datafield ind1="0" ind2="0" tag="876">
                                    <subfield code="a">5780017</subfield>
                                    <subfield code="h" />
                                    <subfield code="j">Available</subfield>
                                    <subfield code="p">32101052195417</subfield>
                                    <subfield code="t">1</subfield>
                                    <subfield code="3">1927-1932</subfield>
                                </datafield>
                                <datafield ind1="0" ind2="0" tag="900">
                                    <subfield code="a">Shared</subfield>
                                    <subfield code="b">PF</subfield>
                                </datafield>
                            </record>
                            <record>
                                <datafield ind1="0" ind2="0" tag="876">
                                    <subfield code="a">5780019</subfield>
                                    <subfield code="h" />
                                    <subfield code="j">Available</subfield>
                                    <subfield code="p">32101052195425</subfield>
                                    <subfield code="t">1</subfield>
                                    <subfield code="3">1933-1937</subfield>
                                </datafield>
                                <datafield ind1="0" ind2="0" tag="900">
                                    <subfield code="a">Shared</subfield>
                                    <subfield code="b">PF</subfield>
                                </datafield>
                            </record>
                            <record>
                                <datafield ind1="0" ind2="0" tag="876">
                                    <subfield code="a">5780023</subfield>
                                    <subfield code="h" />
                                    <subfield code="j">Available</subfield>
                                    <subfield code="p">32101052195433</subfield>
                                    <subfield code="t">1</subfield>
                                    <subfield code="3">1938-Jun 1941</subfield>
                                </datafield>
                                <datafield ind1="0" ind2="0" tag="900">
                                    <subfield code="a">Shared</subfield>
                                    <subfield code="b">PF</subfield>
                                </datafield>
                            </record>
                            <record>
                                <datafield ind1="0" ind2="0" tag="876">
                                    <subfield code="a">5780025</subfield>
                                    <subfield code="h" />
                                    <subfield code="j">Available</subfield>
                                    <subfield code="p">32101052195441</subfield>
                                    <subfield code="t">1</subfield>
                                    <subfield code="3">July 1941-1944</subfield>
                                </datafield>
                                <datafield ind1="0" ind2="0" tag="900">
                                    <subfield code="a">Shared</subfield>
                                    <subfield code="b">PF</subfield>
                                </datafield>
                            </record>
                            <record>
                                <datafield ind1="0" ind2="0" tag="876">
                                    <subfield code="a">5780027</subfield>
                                    <subfield code="h" />
                                    <subfield code="j">Available</subfield>
                                    <subfield code="p">32101052195458</subfield>
                                    <subfield code="t">1</subfield>
                                    <subfield code="3">1945-1948</subfield>
                                </datafield>
                                <datafield ind1="0" ind2="0" tag="900">
                                    <subfield code="a">Shared</subfield>
                                    <subfield code="b">PF</subfield>
                                </datafield>
                            </record>
                            <record>
                                <datafield ind1="0" ind2="0" tag="876">
                                    <subfield code="a">5780031</subfield>
                                    <subfield code="h" />
                                    <subfield code="j">Available</subfield>
                                    <subfield code="p">32101052195466</subfield>
                                    <subfield code="t">1</subfield>
                                    <subfield code="3">1953-1955</subfield>
                                </datafield>
                                <datafield ind1="0" ind2="0" tag="900">
                                    <subfield code="a">Shared</subfield>
                                    <subfield code="b">PF</subfield>
                                </datafield>
                            </record>
                            <record>
                                <datafield ind1="0" ind2="0" tag="876">
                                    <subfield code="a">5780032</subfield>
                                    <subfield code="h" />
                                    <subfield code="j">Available</subfield>
                                    <subfield code="p">32101052195474</subfield>
                                    <subfield code="t">1</subfield>
                                    <subfield code="3">1956-1958</subfield>
                                </datafield>
                                <datafield ind1="0" ind2="0" tag="900">
                                    <subfield code="a">Shared</subfield>
                                    <subfield code="b">PF</subfield>
                                </datafield>
                            </record>
                            <record>
                                <datafield ind1="0" ind2="0" tag="876">
                                    <subfield code="a">5780035</subfield>
                                    <subfield code="h" />
                                    <subfield code="j">Available</subfield>
                                    <subfield code="p">32101052195482</subfield>
                                    <subfield code="t">1</subfield>
                                    <subfield code="3">1959-1960</subfield>
                                </datafield>
                                <datafield ind1="0" ind2="0" tag="900">
                                    <subfield code="a">Shared</subfield>
                                    <subfield code="b">PF</subfield>
                                </datafield>
                            </record>
                            <record>
                                <datafield ind1="0" ind2="0" tag="876">
                                    <subfield code="a">5780037</subfield>
                                    <subfield code="h" />
                                    <subfield code="j">Available</subfield>
                                    <subfield code="p">32101052195490</subfield>
                                    <subfield code="t">1</subfield>
                                    <subfield code="3">1961-1963</subfield>
                                </datafield>
                                <datafield ind1="0" ind2="0" tag="900">
                                    <subfield code="a">Shared</subfield>
                                    <subfield code="b">PF</subfield>
                                </datafield>
                            </record>
                            <record>
                                <datafield ind1="0" ind2="0" tag="876">
                                    <subfield code="a">5780049</subfield>
                                    <subfield code="h" />
                                    <subfield code="j">Available</subfield>
                                    <subfield code="p">32101052195508</subfield>
                                    <subfield code="t">1</subfield>
                                    <subfield code="3">1964-1968</subfield>
                                </datafield>
                                <datafield ind1="0" ind2="0" tag="900">
                                    <subfield code="a">Shared</subfield>
                                    <subfield code="b">PF</subfield>
                                </datafield>
                            </record>
                            <record>
                                <datafield ind1="0" ind2="0" tag="876">
                                    <subfield code="a">5780053</subfield>
                                    <subfield code="h" />
                                    <subfield code="j">Available</subfield>
                                    <subfield code="p">32101052195516</subfield>
                                    <subfield code="t">1</subfield>
                                    <subfield code="3">1970-1972</subfield>
                                </datafield>
                                <datafield ind1="0" ind2="0" tag="900">
                                    <subfield code="a">Shared</subfield>
                                    <subfield code="b">PF</subfield>
                                </datafield>
                            </record>
                            <record>
                                <datafield ind1="0" ind2="0" tag="876">
                                    <subfield code="a">5780056</subfield>
                                    <subfield code="h" />
                                    <subfield code="j">Available</subfield>
                                    <subfield code="p">32101052195524</subfield>
                                    <subfield code="t">1</subfield>
                                    <subfield code="3">1969-1972</subfield>
                                </datafield>
                                <datafield ind1="0" ind2="0" tag="900">
                                    <subfield code="a">Shared</subfield>
                                    <subfield code="b">PF</subfield>
                                </datafield>
                            </record>
                            <record>
                                <datafield ind1="0" ind2="0" tag="876">
                                    <subfield code="a">5780060</subfield>
                                    <subfield code="h" />
                                    <subfield code="j">Available</subfield>
                                    <subfield code="p">32101052195532</subfield>
                                    <subfield code="t">1</subfield>
                                    <subfield code="3">1973-1974</subfield>
                                </datafield>
                                <datafield ind1="0" ind2="0" tag="900">
                                    <subfield code="a">Shared</subfield>
                                    <subfield code="b">PF</subfield>
                                </datafield>
                            </record>
                            <record>
                                <datafield ind1="0" ind2="0" tag="876">
                                    <subfield code="a">5780062</subfield>
                                    <subfield code="h" />
                                    <subfield code="j">Available</subfield>
                                    <subfield code="p">32101052195540</subfield>
                                    <subfield code="t">1</subfield>
                                    <subfield code="3">1975-1976</subfield>
                                </datafield>
                                <datafield ind1="0" ind2="0" tag="900">
                                    <subfield code="a">Shared</subfield>
                                    <subfield code="b">PF</subfield>
                                </datafield>
                            </record>
                            <record>
                                <datafield ind1="0" ind2="0" tag="876">
                                    <subfield code="a">5780064</subfield>
                                    <subfield code="h" />
                                    <subfield code="j">Available</subfield>
                                    <subfield code="p">32101052195557</subfield>
                                    <subfield code="t">1</subfield>
                                    <subfield code="3">1977</subfield>
                                </datafield>
                                <datafield ind1="0" ind2="0" tag="900">
                                    <subfield code="a">Shared</subfield>
                                    <subfield code="b">PF</subfield>
                                </datafield>
                            </record>
                            <record>
                                <datafield ind1="0" ind2="0" tag="876">
                                    <subfield code="a">5780067</subfield>
                                    <subfield code="h" />
                                    <subfield code="j">Available</subfield>
                                    <subfield code="p">32101052195565</subfield>
                                    <subfield code="t">1</subfield>
                                    <subfield code="3">1978</subfield>
                                </datafield>
                                <datafield ind1="0" ind2="0" tag="900">
                                    <subfield code="a">Shared</subfield>
                                    <subfield code="b">PF</subfield>
                                </datafield>
                            </record>
                            <record>
                                <datafield ind1="0" ind2="0" tag="876">
                                    <subfield code="a">5780071</subfield>
                                    <subfield code="h" />
                                    <subfield code="j">Available</subfield>
                                    <subfield code="p">32101052195573</subfield>
                                    <subfield code="t">1</subfield>
                                    <subfield code="3">1983-1987</subfield>
                                </datafield>
                                <datafield ind1="0" ind2="0" tag="900">
                                    <subfield code="a">Shared</subfield>
                                    <subfield code="b">PF</subfield>
                                </datafield>
                            </record>
                            <record>
                                <datafield ind1="0" ind2="0" tag="876">
                                    <subfield code="a">5780073</subfield>
                                    <subfield code="h" />
                                    <subfield code="j">Available</subfield>
                                    <subfield code="p">32101052195581</subfield>
                                    <subfield code="t">1</subfield>
                                    <subfield code="3">1988-1992</subfield>
                                </datafield>
                                <datafield ind1="0" ind2="0" tag="900">
                                    <subfield code="a">Shared</subfield>
                                    <subfield code="b">PF</subfield>
                                </datafield>
                            </record>