
                        </collection>
                    </content>
                </items>
            </holding>
        </holdings>
    </bibRecord>
    <bibRecord>
        <bib>
            <owningInstitutionId>PUL</owningInstitutionId>
            <content>
                <collection xmlns="http://www.loc.gov/MARC21/slim">
                    <record>
                        <leader>01202cas a2200337 a 4500</leader>
                        <controlfield tag="001">40</controlfield>
                        <controlfield tag="005">20160317172959.0</controlfield>
                        <controlfield tag="008">810601c19789999it fr0p       0   a0ita d</controlfield>
                        <datafield ind1=" " ind2=" " tag="022">
                            <subfield code="a">0392-6338</subfield>
                        </datafield>
                        <datafield ind1=" " ind2=" " tag="035">
                            <subfield code="a">(OCoLC)5939156</subfield>
                        </datafield>
                        <datafield ind1=" " ind2=" " tag="035">
                            <subfield code="a">(CStRLIN)NJPG0143-S</subfield>
                        </datafield>
                        <datafield ind1=" " ind2=" " tag="035">
                            <subfield code="9">AAF4274TS</subfield>
                        </datafield>
                        <datafield ind1=" " ind2=" " tag="037">
                            <subfield code="a">040</subfield>
                        </datafield>
                        <datafield ind1=" " ind2=" " tag="037">
                            <subfield code="a">040</subfield>
                        </datafield>
                        <datafield ind1=" " ind2=" " tag="037">
                            <subfield code="a">040</subfield>
                        </datafield>
                        <datafield ind1=" " ind2=" " tag="040">
                            <subfield code="a">CU</subfield>
                            <subfield code="c">CU</subfield>
                            <subfield code="d">NjP</subfield>
                        </datafield>
                        <datafield ind1="0" ind2="0" tag="245">
                            <subfield code="a">Materiali e discussioni per l&amp;apos;analisi dei testi classici.</subfield>
                        </datafield>
                        <datafield ind1="1" ind2="3" tag="246">
                            <subfield code="a">MD</subfield>
                        </datafield>
                        <datafield ind1=" " ind2=" " tag="260">
                            <subfield code="a">Pisa :</subfield>
                            <subfield code="b">Giardini editori e stampatori,</subfield>
                            <subfield code="c">1978-</subfield>
                        </datafield>
                        <datafield ind1=" " ind2=" " tag="300">
                            <subfield code="a">v. ;</subfield>
                            <subfield code="c">23 cm.</subfield>
                        </datafield>
                        <datafield ind1=" " ind2=" " tag="310">
                            <subfield code="a">Semiannual</subfield>
                        </datafield>
                        <datafield ind1="0" ind2=" " tag="362">
                            <subfield code="a">1-</subfield>
                        </datafield>
                        <datafield ind1=" " ind2=" " tag="500">
                            <subfield code="a">Publisher varies: &amp;lt;1995-2000&amp;gt;, Istituti Editoriali e Poligrafici Internazionali.</subfield>
                        </datafield>
                        <datafield ind1=" " ind2=" " tag="500">
                            <subfield code="a">Some issues have also distinctive titles.</subfield>
                        </datafield>
                        <datafield ind1=" " ind2="0" tag="650">
                            <subfield code="a">Classical philology</subfield>
                            <subfield code="v">Periodicals.</subfield>
                            <subfield code="0">(uri)http://id.loc.gov/authorities/subjects/sh2008101102</subfield>
                        </datafield>
                        <datafield ind1=" " ind2="0" tag="650">
                            <subfield code="a">Classical literature</subfield>
                            <subfield code="v">Periodicals.</subfield>
                        </datafield>
                        <datafield ind1="2" ind2=" " tag="710">
                            <subfield code="a">Istituti editoriali e poligrafici internazionali.</subfield>
                            <subfield code="0">(uri)http://id.loc.gov/authorities/names/nr00016512</subfield>
                        </datafield>
                        <datafield ind1="0" ind2=" " tag="852">
                            <subfield code="b">clas</subfield>
                            <subfield code="h">PA3001</subfield>
                            <subfield code="i">.M384</subfield>
                            <subfield code="p">45</subfield>
                            <subfield code="x">reclassed from: 2500.543</subfield>
                        </datafield>
                        <datafield ind1=" " ind2=" " tag="998">
                            <subfield code="a">03/08/93</subfield>
                            <subfield code="s">9115</subfield>
                            <subfield code="n">NjP</subfield>
                            <subfield code="w">DCLCSC813287S</subfield>
                            <subfield code="d">10/05/81</subfield>
                            <subfield code="c">JER</subfield>
                            <subfield code="b">JKS</subfield>
                            <subfield code="i">930308</subfield>
                            <subfield code="l">NJPG</subfield>
                        </datafield>
                        <datafield ind1=" " ind2=" " tag="911">
                            <subfield code="a">19930318</subfield>
                        </datafield>
                        <datafield ind1=" " ind2=" " tag="912">
                            <subfield code="a">19970430043539.0</subfield>
                        </datafield>
                    </record>
                </collection>
            </content>
        </bib>
        <holdings>
            <holding>
                <owningInstitutionHoldingsId>45</owningInstitutionHoldingsId>
                <content>
                    <collection xmlns="http://www.loc.gov/MARC21/slim">
                        <record>
                            <datafield ind1="0" ind2="1" tag="852">
                                <subfield code="b">rcppa</subfield>
                                <subfield code="h">PA3001.M384</subfield>
                            </datafield>
                            <datafield ind1=" " ind2="0" tag="866">
                                <subfield code="x">DESIGNATOR: vol.</subfield>
                            </datafield>
                        </record>
                    </collection>
                </content>
                <items>
                    <content>
                        <collection xmlns="http://www.loc.gov/MARC21/slim">
                            <record>
                                <datafield ind1="0" ind2="0" tag="876">
                                    <subfield code="a">43</subfield>
                                    <subfield code="h" />
                                    <subfield code="j">Available</subfield>
                                    <subfield code="p">32101087642185</subfield>
                                    <subfield code="t">1</subfield>
                                    <subfield code="3">vol.23-26 (1989-1991)</subfield>
                                </datafield>
                                <datafield ind1="0" ind2="0" tag="900">
                                    <subfield code="a">Shared</subfield>
                                    <subfield code="b">PA</subfield>
                                </datafield>
                            </record>
                            <record>
                                <datafield ind1="0" ind2="0" tag="876">
                                    <subfield code="a">44</subfield>
                                    <subfield code="h" />
                                    <subfield code="j">Available</subfield>
                                    <subfield code="p">32101087642169</subfield>
                                    <subfield code="t">1</subfield>
                                    <subfield code="3">vol.18-19 (1987)</subfield>
                                </datafield>
                                <datafield ind1="0" ind2="0" tag="900">
                                    <subfield code="a">Shared</subfield>
                                    <subfield code="b">PA</subfield>
                                </datafield>
                            </record>
                            <record>
                                <datafield ind1="0" ind2="0" tag="876">
                                    <subfield code="a">45</subfield>
                                    <subfield code="h" />
                                    <subfield code="j">Available</subfield>
                                    <subfield code="p">32101087642177</subfield>
                                    <subfield code="t">1</subfield>
                                    <subfield code="3">vol.20-22 (1988-1989)</subfield>
                                </datafield>
                                <datafield ind1="0" ind2="0" tag="900">
                                    <subfield code="a">Shared</subfield>
                                    <subfield code="b">PA</subfield>
                                </datafield>
                            </record>
                            <record>
                                <datafield ind1="0" ind2="0" tag="876">
                                    <subfield code="a">1786154</subfield>
                                    <subfield code="h" />
                                    <subfield code="j">Available</subfield>
                                    <subfield code="p">32101087642102</subfield>
                                    <subfield code="t">1</subfield>
                                    <subfield code="3">vol.1-2 (1978-1979)</subfield>
                                </datafield>
                                <datafield ind1="0" ind2="0" tag="900">
                                    <subfield code="a">Shared</subfield>
                                    <subfield code="b">PA</subfield>
                                </datafield>
                            </record>
                            <record>
                                <datafield ind1="0" ind2="0" tag="876">
                                    <subfield code="a">1786155</subfield>
                                    <subfield code="h" />
                                    <subfield code="j">Available</subfield>
                                    <subfield code="p">32101087642110</subfield>
                                    <subfield code="t">1</subfield>
                                    <subfield code="3">vol.3-4 (1979-1980)</subfield>
                                </datafield>
                                <datafield ind1="0" ind2="0" tag="900">
                                    <subfield code="a">Shared</subfield>
                                    <subfield code="b">PA</subfield>
                                </datafield>
                            </record>
                            <record>
                                <datafield ind1="0" ind2="0" tag="876">
                                    <subfield code="a">1786157</subfield>
                                    <subfield code="h" />
                                    <subfield code="j">Available</subfield>
                                    <subfield code="p">32101087642128</subfield>
                                    <subfield code="t">1</subfield>
                                    <subfield code="3">vol.7-8 (1981-1982)</subfield>
                                </datafield>
                                <datafield ind1="0" ind2="0" tag="900">
                                    <subfield code="a">Shared</subfield>
                                    <subfield code="b">PA</subfield>
                                </datafield>
                            </record>
                            <record>
                                <datafield ind1="0" ind2="0" tag="876">
                                    <subfield code="a">2570478</subfield>
                                    <subfield code="h" />
                                    <subfield code="j">Available</subfield>
                                    <subfield code="p">32101087642193</subfield>
                                    <subfield code="t">1</subfield>
                                    <subfield code="3">vol.27-28 (1991-1992)</subfield>
                                </datafield>
                                <datafield ind1="0" ind2="0" tag="900">
                                    <subfield code="a">Shared</subfield>
                                    <subfield code="b">PA</subfield>
                                </datafield>
                            </record>
                            <record>
                                <datafield ind1="0" ind2="0" tag="876">
                                    <subfield code="a">3572454</subfield>
                                    <subfield code="h" />
                                    <subfield code="j">Available</subfield>
                                    <subfield code="p">32101087642144</subfield>
                                    <subfield code="t">1</subfield>
                                    <subfield code="3">vol.12-13 (1984)</subfield>
                                </datafield>
                                <datafield ind1="0" ind2="0" tag="900">
                                    <subfield code="a">Shared</subfield>
                                    <subfield code="b">PA</subfield>
                                </datafield>
                            </record>
                            <record>
                                <datafield ind1="0" ind2="0" tag="876">
                                    <subfield code="a">4195956</subfield>
                                    <subfield code="h" />
                                    <subfield code="j">Available</subfield>
                                    <subfield code="p">32101087642136</subfield>
                                    <subfield code="t">1</subfield>
                                    <subfield code="3">vol.9-11 (1982-83)</subfield>
                                </datafield>
                                <datafield ind1="0" ind2="0" tag="900">
                                    <subfield code="a">Shared</subfield>
                                    <subfield code="b">PA</subfield>
                                </datafield>
                            </record>
                            <record>
                                <datafield ind1="0" ind2="0" tag="876">
                                    <subfield code="a">6488265</subfield>
                                    <subfield code="h" />
                                    <subfield code="j">Available</subfield>
                                    <subfield code="p">32101087642151</subfield>
                                    <subfield code="t">1</subfield>
                                    <subfield code="3">vol.16-17 (1986)</subfield>
                                </datafield>
                                <datafield ind1="0" ind2="0" tag="900">
                                    <subfield code="a">Shared</subfield>
                                    <subfield code="b">PA</subfield>
                                </datafield>
                            </record>
                        </collection>
                    </content>
                </items>
            </holding>
        </holdings>
    </bibRecord>
</bibRecords>
